@article{purvis1982full,
  title={A full coupled-cluster singles and doubles model: the inclusion of disconnected triples},
  author={Purvis III, George D and Bartlett, Rodney J},
  journal={J. Chem. Phys.},
  volume={76},
  number={4},
  pages={1910--1918},
  year={1982},
  publisher={AIP}
}

@article{almlof1991elimination,
  title={Elimination of energy denominators in {M}{\o}ller--{P}lesset 
perturbation theory by a {L}aplace transform approach},
  author={Alml{\"o}f, Jan},
  journal={Chem. Phys. Lett.},
  volume={181},
  number={4},
  pages={319--320},
  year={1991},
  publisher={Elsevier}
}

@article{vahtras1993integral,
  title={Integral approximations for {LCAO}--{SCF} calculations},
  author={Vahtras, O and Alml{\"o}f, J and Feyereisen, MW},
  journal={Chem. Phys. Lett.},
  volume={213},
  number={5-6},
  pages={514--518},
  year={1993},
  publisher={Elsevier}
}

@article{weigend1998ri,
  title={{RI}--{MP2}: optimized auxiliary basis sets and demonstration of 
efficiency},
  author={Weigend, Florian and H{\"a}ser, Marco and Patzelt, Holger and 
Ahlrichs, Reinhart},
  journal={Chem. Phys. Lett.},
  volume={294},
  number={1-3},
  pages={143--152},
  year={1998},
  publisher={Elsevier}
}

@article{schollwock_review,
  title={The density-matrix renormalization group in the age of matrix product states},
  author={Schollw{\"o}ck, Ulrich},
  journal={Ann. Phys.},
  volume={326},
  number={1},
  pages={96--192},
  year={2011},
  publisher={Elsevier}
}

@article{bridgeman_review,
  title={Hand-waving and interpretive dance: An introductory course on tensor networks},
  author={Bridgeman, Jacob C and Chubb, Christopher T},
  journal={J. Phys. A},
  volume={50},
  number={22},
  pages={223001},
  year={2017},
  publisher={IOP Publishing}
}

@article{white_dmrg,
  title={Density matrix formulation for quantum renormalization groups},
  author={White, Steven R},
  journal={Phys. Rev. Lett.},
  volume={69},
  number={19},
  pages={2863},
  year={1992},
  publisher={APS}
}

@article {chan_dmrg,
  title={The density matrix renormalization group in quantum chemistry},
  author={Chan, Garnet Kin-Lic and Sharma, Sandeep},
  journal={Annu. Rev. Phys. Chem.},
  volume={62},
  pages={465--481},
  year={2011},
  publisher={Annual Reviews}
}

@article{scuseria_ccsd,
  title={An efficient reformulation of the closed-shell coupled cluster single and double excitation (CCSD) equations},
  author={Scuseria, Gustavo E and Janssen, Curtis L and Schaefer III, Henry F},
  journal={J. Chem. Phys.},
  volume={89},
  number={12},
  pages={7382--7387},
  year={1988},
  publisher={AIP}
}


@article{hohenstein_thc1,
  title={Tensor hypercontraction density fitting. {I}. {Q}uartic scaling 
second-and third-order {M}{\o}ller--{P}lesset perturbation theory},
  author={Hohenstein, Edward G and Parrish, Robert M and Mart{\'\i}nez, Todd J},
  journal={J. Chem. Phys.},
  volume={137},
  number={4},
  pages={044103},
  year={2012},
  publisher={AIP}
}

@article{hohenstein_thc2,
  title={Tensor hypercontraction. {II}. {L}east-squares renormalization},
  author={Parrish, Robert M and Hohenstein, Edward G and Mart{\'\i}nez, Todd J and Sherrill, C David},
  journal={J. Chem. Phys.},
  volume={137},
  number={22},
  pages={224106},
  year={2012},
  publisher={AIP}
}

@article{hohenstein_thc3,
  title={Communication: Tensor hypercontraction. {III}. {L}east-squares tensor 
hypercontraction for the determination of correlated wavefunctions},
  author={Hohenstein, Edward G and Parrish, Robert M and Sherrill, C David and Mart{\'\i}nez, Todd J},
  journal={J. Chem. Phys.},
  volume={137},
  number={22},
  pages={221101},
  year={2012},
  publisher={AIP Publishing}
}

@article{hohenstein_cc2,
  title={Quartic scaling second-order approximate coupled cluster singles and 
doubles via tensor hypercontraction: {THC}--{CC2}},
  author={Hohenstein, Edward G and Kokkila, Sara IL and Parrish, Robert M and Mart{\'\i}nez, Todd J},
  journal={J. Chem. Phys.},
  volume={138},
  number={12},
  pages={124111},
  year={2013},
  publisher={AIP}
}

@article{shenvi,
  title={The tensor hypercontracted parametric reduced density matrix algorithm: Coupled-cluster accuracy with O (r4) scaling},
  author={Shenvi, Neil and Van Aggelen, Helen and Yang, Yang and Yang, Weitao and Schwerdtfeger, Christine and Mazziotti, David},
  journal={J. Chem. Phys.},
  volume={139},
  number={5},
  pages={054110},
  year={2013},
  publisher={AIP}
}

@article{chemometrics_cpd,
  title={The unrestricted natural orbital--complete active space (UNO--CAS) method: An inexpensive alternative to the complete active space--self-consistent-field (CAS--SCF) method},
  author={Bofill, Josep M and Pulay, Peter},
  journal={J. Chem. Phys.},
  volume={90},
  number={7},
  pages={3637--3646},
  year={1989},
  publisher={AIP Publishing}
}

@article{lathauwer_cpd,
  title={Semiempirical {UNO}--{CAS} and {UNO}--{CI}: method and applications in 
nanoelectronics},
  author={Dral, Pavlo O and Clark, Timothy},
  journal={J. Phys. Chem. A},
  volume={115},
  number={41},
  pages={11303--11312},
  year={2011},
  publisher={ACS Publications}
}

@article{benedict_ccd,
  title={Tensor decomposition in post-{H}artree--{F}ock methods. {II}. {CCD} 
implementation},
  author={Benedikt, Udo and B{\"o}hm, Karl-Heinz and Auer, Alexander A},
  journal={J. Chem. Phys.},
  volume={139},
  number={22},
  pages={224101},
  year={2013},
  publisher={AIP}
}

@article{benedict_mp2,
   title={Tensor decomposition in post-{H}artree--{F}ock methods. {I}. 
two-electron integrals and {MP2}},
  author={Benedikt, Udo and Auer, Alexander A and Espig, Mike and Hackbusch, Wolfgang},
  journal={J. Chem. Phys.},
  volume={134},
  number={5},
  pages={054118},
  year={2011},
  publisher={AIP}
}

@article{benedikt_mps,
  title={Tensor representation techniques in post-{H}artree--{F}ock methods: 
matrix product state tensor format},
  author={Benedikt, Udo and Auer, Henry and Espig, Mike and Hackbusch, Wolfgang 
and Auer, Alexander A},
  journal={Mol. Phys.},
  volume={111},
  number={16-17},
  pages={2398--2413},
  year={2013},
  publisher={Taylor \& Francis}
}

@article{gruneis,
  title={Low rank factorization of the {C}oulomb integrals for periodic coupled 
cluster theory},
  author={Hummel, Felix and Tsatsoulis, Theodoros and Gr{\"u}neis, Andreas},
  journal={J. Chem. Phys.},
  volume={146},
  number={12},
  pages={124105},
  year={2017},
  publisher={AIP Publishing}
}

@article{liu2008hadamard,
  title={Hadamard, Khatri-Rao, Kronecker and other matrix products},
  author={Liu, Shuangzhe and Trenkler, G{\~o}tz},
  journal={Int. J. Inform. Syst. Sci.},
  volume={4},
  number={1},
  pages={160--177},
  year={2008}
}

@article{hitchcock1927expression,
  title={The expression of a tensor or a polyadic as a sum of products},
  author={Hitchcock, Frank L},
  journal={Stud. Appl. Math.},
  volume={6},
  number={1-4},
  pages={164--189},
  year={1927},
  publisher={Wiley Online Library}
}

@article{de2006link,
  title={A link between the canonical decomposition in multilinear algebra and simultaneous matrix diagonalization},
  author={De Lathauwer, Lieven},
  journal={SIAM J. Mat. Anal. Appl.},
  volume={28},
  number={3},
  pages={642--666},
  year={2006},
  publisher={SIAM}
}

@article{kolda2009tensor,
  title={Tensor decompositions and applications},
  author={Kolda, Tamara G and Bader, Brett W},
  journal={SIAM Rev.},
  volume={51},
  number={3},
  pages={455--500},
  year={2009},
  publisher={SIAM}
}

@article{eckart1936approximation,
  title={The approximation of one matrix by another of lower rank},
  author={Eckart, Carl and Young, Gale},
  journal={Psychometrika},
  volume={1},
  number={3},
  pages={211--218},
  year={1936},
  publisher={Springer}
}

@article{sorber2013optimization,
  title={Optimization-based algorithms for tensor decompositions: Canonical 
polyadic decomposition, decomposition in rank-({L}${}_{r}$,{L}${}_{r}$,1) 
terms, and a new generalization},
  author={Sorber, Laurent and Van Barel, Marc and De Lathauwer, Lieven},
  journal={SIAM J. Optimiz.},
  volume={23},
  number={2},
  pages={695--720},
  year={2013},
  publisher={SIAM}
}

@article{kruskal1977three,
  title={Three-way arrays: rank and uniqueness of trilinear decompositions, with application to arithmetic complexity and statistics},
  author={Kruskal, Joseph B},
  journal={Lin. Alg. Appl.},
  volume={18},
  number={2},
  pages={95--138},
  year={1977},
  publisher={Elsevier}
}

@article{sidiropoulos2000uniqueness,
  title={On the uniqueness of multilinear decomposition of N-way arrays},
  author={Sidiropoulos, Nicholas D and Bro, Rasmus},
  journal={J. Chemom.},
  volume={14},
  number={3},
  pages={229--239},
  year={2000}
}

@article{sidiropoulos2016tensor,
  title={Tensor decomposition for signal processing and machine learning},
  author={Sidiropoulos, Nicholas D and De Lathauwer, Lieven and Fu, Xiao and Huang, Kejun and Papalexakis, Evangelos E and Faloutsos, Christos},
  journal={arXiv preprint arXiv:1607.01668},
  year={2016}
}

@article{vervliettensorlab,
  title={Tensorlab v3. 0 march 2016},
  author={Vervliet, N and Debals, O and Sorber, L and Van Barel, M and De Lathauwer, L},
  journal={URL: http://www.tensorlab.net}
}

@article{uschmajew2012local,
  title={Local convergence of the alternating least squares algorithm for canonical tensor approximation},
  author={Uschmajew, Andr{\'e}},
  journal={SIAM J. Mat. Anal. Appl.},
  volume={33},
  number={2},
  pages={639--652},
  year={2012},
  publisher={SIAM}
}

@article{comon2009tensor,
  title={Tensor decompositions, alternating least squares and other tales},
  author={Comon, Pierre and Luciani, Xavier and De Almeida, Andr{\'e} LF},
  journal={J. Chemom.},
  volume={23},
  number={7-8},
  pages={393--405},
  year={2009},
  publisher={Wiley Online Library}
}

@article{sorber2012unconstrained,
  title={Unconstrained optimization of real functions in complex variables},
  author={Sorber, Laurent and Barel, Marc Van and Lathauwer, Lieven De},
  journal={SIAM J. Optimiz.},
  volume={22},
  number={3},
  pages={879--898},
  year={2012},
  publisher={SIAM}
}

@article{dolan2002benchmarking,
  title={Benchmarking optimization software with performance profiles},
  author={Dolan, Elizabeth D and Mor{\'e}, Jorge J},
  journal={Math. Progr.},
  volume={91},
  number={2},
  pages={201--213},
  year={2002},
  publisher={Springer}
}

@article{braess2005approximation,
  title={Approximation of 1/x by exponential sums in $[1, \infty )$},
  author={Braess, Dietrich and Hackbusch, Wolfgang},
  journal={IMA J. Numer. Anal.},
  volume={25},
  number={4},
  pages={685--697},
  year={2005},
  publisher={Oxford University Press}
}

@article{ying2016tensor,
  title={Tensor Network Skeletonization},
  author={Ying, Lexing},
  journal={arXiv preprint arXiv:1607.00050},
  year={2016}
}

@article{sierka2003fast,
  title={Fast evaluation of the {C}oulomb potential for electron densities 
using multipole accelerated resolution of identity approximation},
  author={Sierka, Marek and Hogekamp, Annika and Ahlrichs, Reinhart},
  journal={J. Chem. Phys.},
  volume={118},
  number={20},
  pages={9136--9148},
  year={2003},
  publisher={AIP}
}

@article{ahmadi1995coulomb,
  title={The {C}oulomb operator in a {G}aussian product basis},
  author={Ahmadi, G Reza and Alml{\"o}f, Jan},
  journal={Chem. Phys. Lett.},
  volume={246},
  number={4-5},
  pages={364--370},
  year={1995},
  publisher={Elsevier}
}

@article{ayala1999linear,
  title={Linear scaling second-order {M}{\o}ller--{P}lesset theory in the 
atomic orbital basis for large molecular systems},
  author={Ayala, Philippe Y and Scuseria, Gustavo E},
  journal={J. Chem. Phys.},
  volume={110},
  number={8},
  pages={3660--3671},
  year={1999},
  publisher={AIP}
}

@article{werner2003fast,
  title={Fast linear scaling second-order {M}{\o}ller--{P}lesset perturbation 
theory ({MP2}) using local and density fitting approximations},
  author={Werner, Hans-Joachim and Manby, Frederick R and Knowles, Peter J},
  journal={J. Chem. Phys.},
  volume={118},
  number={18},
  pages={8149--8160},
  year={2003},
  publisher={AIP}
}

@article{schutz2003linear,
  title={Linear scaling local coupled cluster theory with density fitting. 
{P}art
{I}: 4-external integrals},
  author={Sch{\"u}tz, Martin and Manby, Frederick R},
  journal={Phys. Chem. Chem. Phys.},
  volume={5},
  number={16},
  pages={3349--3358},
  year={2003},
  publisher={Royal Society of Chemistry}
}

@article{manby2003density,
  title={Density fitting in second-order linear-$r_{12}$ {M}{\o}ller--{P}lesset 
perturbation theory},
  author={Manby, Frederick R},
  journal={J. Chem. Phys.},
  volume={119},
  number={9},
  pages={4607--4613},
  year={2003},
  publisher={AIP}
}


@article{harbrecht2012low,
  title={On the low-rank approximation by the pivoted {C}holesky decomposition},
  author={Harbrecht, Helmut and Peters, Michael and Schneider, Reinhold},
  journal={Appl. Numer. Math.},
  volume={62},
  number={4},
  pages={428--440},
  year={2012},
  publisher={Elsevier}
}

@article{weigend2009approximated,
  title={Approximated electron repulsion integrals: {C}holesky decomposition 
versus resolution of the identity methods},
  author={Weigend, Florian and Kattannek, Marco and Ahlrichs, Reinhart},
  journal={J. Chem. Phys.},
  volume={130},
  number={16},
  pages={164106},
  year={2009},
  publisher={AIP},
  misc={and references therein}
}

@article{hattig2000cc2,
  title={{CC2} excitation energy calculations on large molecules using the 
resolution of the identity approximation},
  author={H{\"a}ttig, Christof and Weigend, Florian},
  journal={J. Chem. Phys.},
  volume={113},
  number={13},
  pages={5154--5161},
  year={2000},
  publisher={AIP}
}

@article{ahlrichs2004efficient,
  title={Efficient evaluation of three-center two-electron integrals over 
{G}aussian functions},
  author={Ahlrichs, Reinhart},
  journal={Phys. Chem. Chem. Phys.},
  volume={6},
  number={22},
  pages={5119--5121},
  year={2004},
  publisher={Royal Society of Chemistry}
}

@article{schuchardt2007basis,
  title={Basis set exchange: a community database for computational sciences},
  author={Schuchardt, Karen L and Didier, Brett T and Elsethagen, Todd and Sun, Lisong and Gurumoorthi, Vidhya and Chase, Jared and Li, Jun and Windus, Theresa L},
  journal={J. Chem. Inform. Model.},
  volume={47},
  number={3},
  pages={1045--1052},
  year={2007},
  publisher={ACS Publications}
}

@misc{drudge1,
   author = {Zhao, Jinmo and Scuseria, Gustavo E},
   title = {Generic and efficient canonicalization of combinatorial objects},
   howpublished = {http://jz21.web.rice.edu/drudge/},
   year = {in preparation}
}

@misc{drudge2,
   author = {Zhao, Jinmo and Scuseria, Gustavo E},
   title = {Efficient optimization of tensor contractions, Parts {I} and {II}},
   howpublished = {http://jz21.web.rice.edu/gristmill/},
   year = {in preparation}
}

@article{barata2012moore,
  title={The Moore--Penrose pseudoinverse: A tutorial review of the theory},
  author={Barata, Joao Carlos Alves and Hussein, Mahir Saleh},
  journal={Braz. J. Phys.},
  volume={42},
  number={1},
  pages={146--165},
  year={2012},
  publisher={Springer}
}

@article{koch2003reduced,
  title={Reduced scaling in electronic structure calculations using {C}holesky 
decompositions},
  author={Koch, Henrik and S{\'a}nchez de Mer{\'a}s, Alfredo and Pedersen, Thomas Bondo},
  journal={J. Chem. Phys.},
  volume={118},
  number={21},
  pages={9481--9484},
  year={2003},
  publisher={AIP}
}

@article{qiu2017projected1,
  title={Projected Coupled Cluster Theory},
  author={Qiu, Yiheng and Henderson, Thomas M and Zhao, Jinmo and Scuseria, Gustavo E},
  journal={arXiv preprint arXiv:1706.06650},
  year={2017}
}

@article{gomez2017attenuated,
  title={Attenuated coupled cluster: a heuristic polynomial similarity transformation incorporating spin symmetry projection into traditional coupled cluster theory},
  author={Gomez, John A and Henderson, Thomas M and Scuseria, Gustavo E},
  journal={Mol. Phys.},
  pages={1--11},
  year={2017},
  publisher={Taylor \& Francis}
}

@article{gomez2017spin,
  title={Spin Polynomial Similarity Transformation for Repulsive Hamiltonians: Interpolating Between Coupled Cluster and Spin-Projected Unrestricted Hartree-Fock},
  author={Gomez, John and Degroote, Matthias and Zhao, Jin-mo and Qiu, Yiheng and Scuseria, Gustavo},
  journal={Phys. Chem. Chem. Phys.},
  year={2017},
  publisher={Royal Society of Chemistry}
}


@article{qiu2017projected2,
  title={Projected {H}artree-{F}ock theory as a polynomial of particle-hole 
excitations and its combination with variational coupled cluster theory},
  author={Qiu, Yiheng and Henderson, Thomas M and Scuseria, Gustavo E},
  journal={J. Chem. Phys.},
  volume={146},
  number={18},
  pages={184105},
  year={2017},
  publisher={AIP Publishing}
}

@article{kokkila2015tensor,
  title={Tensor hypercontraction second-order {M}{\o}ller--{P}lesset 
perturbation theory: {G}rid optimization and reaction energies},
  author={Kokkila Schumacher, Sara IL and Hohenstein, Edward G and Parrish, Robert M and Wang, Lee-Ping and Mart{\'\i}nez, Todd J},
  journal={J. Chem. Theor. Comput.},
  volume={11},
  number={7},
  pages={3042--3052},
  year={2015},
  publisher={ACS Publications}
}

@book{parrish2014communication,
  title={Communication: Acceleration of coupled cluster singles and doubles via orbital-weighted least-squares tensor hypercontraction},
  author={Parrish, Robert M and Sherrill, C David and Hohenstein, Edward G and Kokkila, Sara IL and Mart{\'\i}nez, Todd J},
  year={2014},
  publisher={AIP}
}

@article{hohenstein2013tensor,
  title={Tensor Hypercontraction Equation-of-Motion Second-Order Approximate 
Coupled Cluster: Electronic Excitation Energies in {O}({N}${}^4$) Time},
  author={Hohenstein, Edward G and Kokkila, Sara IL and Parrish, Robert M and Mart{\'\i}nez, Todd J},
  journal={J. Phys. Chem. B},
  volume={117},
  number={42},
  pages={12972--12978},
  year={2013},
  publisher={ACS Publications}
}

@article{vahtras1993integral,
  title={Integral approximations for LCAO-SCF calculations},
  author={Vahtras, O and Alml{\"o}f, J and Feyereisen, MW},
  journal={Chem. Phys. Lett.},
  volume={213},
  number={5-6},
  pages={514--518},
  year={1993},
  publisher={Elsevier}
}

@article{boman2008method,
  title={Method specific {C}holesky decomposition: {C}oulomb and exchange 
energies},
  author={Boman, Linus and Koch, Henrik and S{\'a}nchez de Mer{\'a}s, Alfredo},
  journal={J. Chem. Phys.},
  volume={129},
  number={13},
  pages={134107},
  year={2008},
  publisher={AIP}
}

@article{walt2011numpy,
  title={The NumPy array: a structure for efficient numerical computation},
  author={Walt, St{\'e}fan van der and Colbert, S Chris and Varoquaux, Gael},
  journal={Comput. Sci. Eng.},
  volume={13},
  number={2},
  pages={22--30},
  year={2011},
  publisher={IEEE}
}

@article{beebe1977,
  title={Simplifications in the generation and transformation of two-electron integrals in molecular calculations},
  author={Beebe, Nelson HF and Linderberg, Jan},
  journal={Int. J. Quant. Chem.},
  volume={12},
  number={4},
  pages={683--705},
  year={1977},
  publisher={Wiley Online Library}
}

@article{neese2009efficient,
  title={Efficient and accurate approximations to the local coupled cluster singles doubles method using a truncated pair natural orbital basis},
  author={Neese, Frank and Hansen, Andreas and Liakos, Dimitrios G},
  journal={J. Chem. Phys.},
  volume={131},
  number={6},
  pages={064103},
  year={2009},
  publisher={AIP}
}

@article{riplinger2013efficient,
  title={An efficient and near linear scaling pair natural orbital based local coupled cluster method},
  author={Riplinger, Christoph and Neese, Frank},
  journal={J. Chem. Phys.},
  volume={138},
  number={3},
  pages={034106},
  year={2013},
  publisher={AIP}
}

@article{degroote2016polynomial,
  title={Polynomial similarity transformation theory: A smooth interpolation 
between coupled cluster doubles and projected {BCS} applied to the reduced 
{BCS} {H}amiltonian},
  author={Degroote, Matthias and Henderson, Thomas M and Zhao, Jinmo and Dukelsky, Jorge and Scuseria, Gustavo E},
  journal={Phys. Rev. B},
  volume={93},
  number={12},
  pages={125124},
  year={2016},
  publisher={APS}
}

@article{parrish2013discrete,
  title={Discrete variable representation in electronic structure theory: Quadrature grids for least-squares tensor hypercontraction},
  author={Parrish, Robert M and Hohenstein, Edward G and Mart{\'\i}nez, Todd J and Sherrill, C David},
  journal={J. Chem. Phys.},
  volume={138},
  number={19},
  pages={194107},
  year={2013},
  publisher={AIP}
}

@article{coester1958bound,
  title={Bound states of a many-particle system},
  author={Coester, F},
  journal={Nucl. Phys.},
  volume={7},
  pages={421--424},
  year={1958},
  publisher={Elsevier}
}

@article{coester1960short,
  title={Short-range correlations in nuclear wave functions},
  author={Coester, Fritz and K{\"u}mmel, Hermann},
  journal={Nucl. Phys.},
  volume={17},
  pages={477--485},
  year={1960},
  publisher={Elsevier}
}

@article{pople1978electron,
  title={Electron correlation theories and their application to the study of 
simple reaction potential surfaces},
  author={Pople, JA and Krishnan, R and Schlegel, HB and Binkley, JS},
  journal={Int. J. Quant. Chem.},
  volume={14},
  number={5},
  pages={545--560},
  year={1978},
  publisher={Wiley Online Library}
}

@article{bartlett1978many,
  title={Many-body perturbation theory, coupled-pair many-electron theory, and 
the importance of quadruple excitations for the correlation problem},
  author={Bartlett, Rodney J and Purvis, George D},
  journal={Int. J. Quant. Chem.},
  volume={14},
  number={5},
  pages={561--581},
  year={1978},
  publisher={Wiley Online Library}
}

@article{crawford2000introduction,
  title={An introduction to coupled cluster theory for computational chemists},
  author={Crawford, T Daniel and Schaefer, Henry F},
  journal={Rev. Comput. Chem.},
  volume={14},
  pages={33--136},
  year={2000},
  publisher={Wiley; 1999}
}

@book{ring2004nuclear,
  title={The nuclear many-body problem},
  author={Ring, Peter and Schuck, Peter},
  year={2004},
  publisher={Springer Science \& Business Media}
}

@article{scuseria2011projected,
  title={Projected quasiparticle theory for molecular electronic structure},
  author={Scuseria, Gustavo E and Jim{\'e}nez-Hoyos, Carlos A and Henderson, 
Thomas M and Samanta, Kousik and Ellis, Jason K},
  journal={J. Chem. Phys.},
  volume={135},
  number={12},
  pages={124108},
  year={2011},
  publisher={AIP}
}

@article{jimenez2012projected,
  title={Projected {H}artree--{F}ock theory},
  author={Jim{\'e}nez-Hoyos, Carlos A and Henderson, Thomas M and Tsuchimochi, 
Takashi and Scuseria, Gustavo E},
  journal={J. Chem. Phys.},
  volume={136},
  number={16},
  pages={164109},
  year={2012},
  publisher={AIP}
}

@article{bartlett2007coupled,
  title={Coupled-cluster theory in quantum chemistry},
  author={Bartlett, Rodney J and Musia{\l}, Monika},
  journal={Rev. Modern Phys.},
  volume={79},
  number={1},
  pages={291},
  year={2007},
  publisher={APS}
}

@article{bartlett1990non,
  title={Non-iterative fifth-order triple and quadruple excitation energy 
corrections in correlated methods},
  author={Bartlett, Rodney J and Watts, JD and Kucharski, SA and Noga, J},
  journal={Chem. Phys. Lett.},
  volume={165},
  number={6},
  pages={513--522},
  year={1990},
  publisher={Elsevier}
}

@article{noga1987full,
  title={The full CCSDT model for molecular electronic structure},
  author={Noga, Jozef and Bartlett, Rodney J},
  journal={J. Chem. Phys.},
  volume={86},
  number={12},
  pages={7041--7050},
  year={1987},
  publisher={AIP}
}

@article{scuseria1989coupled,
  title={Is coupled cluster singles and doubles (CCSD) more computationally 
intensive than quadratic configuration interaction (QCISD)?},
  author={Scuseria, Gustavo E and Schaefer III, Henry F},
  journal={J. Chem. Phys.},
  volume={90},
  number={7},
  pages={3700--3703},
  year={1989},
  publisher={AIP}
}

@article{schutski2017tensor,
  title={Tensor-structured coupled cluster theory},
  author={Schutski, Roman and Zhao, Jinmo and Henderson, Thomas M and Scuseria, 
Gustavo E},
  journal={J. Chem. Phys.},
  volume={147},
  number={18},
  pages={184113},
  year={2017},
  publisher={AIP Publishing}
}

@article{yoon1988lower,
  title={Lower-upper symmetric-{G}auss-{S}eidel method for the {E}uler and 
{N}avier-{S}tokes equations},
  author={Yoon, Seokkwan and Jameson, Antony},
  journal={AIAA J.},
  volume={26},
  number={9},
  pages={1025--1026},
  year={1988}
}

@inproceedings{van2007python,
  title={Python Programming Language.},
  author={Van Rossum, Guido and others},
  booktitle={USENIX Ann. Tech. Conf.},
  volume={41},
  pages={36},
  year={2007}
}

@article{sun2017python,
  title={The Python-based Simulations of Chemistry Framework ({P}y{SCF})},
  author={Sun, Qiming and Berkelbach, Timothy C and Blunt, Nick S and Booth, 
  George H and Guo, Sheng and Li, Zhendong and Liu, Junzi and McClain, James 
  and Sharma, Sandeep and Wouters, Sebastian and others},
  journal={arXiv preprint arXiv:1701.08223},
  year={2017}
}

@book{essler2005one,
  title={The one-dimensional Hubbard model},
  author={Essler, Fabian HL and Frahm, Holger and G{\"o}hmann, Frank and 
Kl{\"u}mper, Andreas and Korepin, Vladimir E},
  year={2005},
  publisher={Cambridge University Press}
}

@article{lieb1968absence,
  title={Absence of {M}ott transition in an exact solution of the short-range, 
one-band model in one dimension},
  author={Lieb, Elliott H and Wu, F Yu},
  journal={Phys. Rev. Lett.},
  volume={20},
  number={25},
  pages={1445},
  year={1968},
  publisher={APS}
}

@article{parrish2013exact,
  title={Exact tensor hypercontraction: A universal technique for the resolution 
of matrix elements of local finite-range N-body potentials in many-body quantum 
problems},
  author={Parrish, Robert M and Hohenstein, Edward G and Schunck, Nicolas F and 
Sherrill, C David and Mart{\'\i}nez, Todd J},
  journal={Phys. Rev. Lett.},
  volume={111},
  number={13},
  pages={132505},
  year={2013},
  publisher={APS}
}

@article{hermes2017combining,
  title={Combining symmetry collective states with coupled-cluster theory: 
Lessons from the Agassi model Hamiltonian},
  author={Hermes, Matthew R and Dukelsky, Jorge and Scuseria, Gustavo E},
  journal={Phys. Rev. C},
  volume={95},
  number={6},
  pages={064306},
  year={2017},
  publisher={APS}
}

@book{mattuck2012guide,
  title={A guide to Feynman diagrams in the many-body problem},
  author={Mattuck, Richard D},
  year={2012},
  publisher={Courier Corporation}
}

@article{feller2001extended,
  title={Extended benchmark studies of coupled cluster theory through triple 
excitations},
  author={Feller, David and Dixon, David A},
  journal={J. Chem. Phys.},
  volume={115},
  number={8},
  pages={3484--3496},
  year={2001},
  publisher={AIP}
}

@article{tajti2004heat,
  title={HEAT: High accuracy extrapolated ab initio thermochemistry},
  author={Tajti, Attila and Szalay, P{\'e}ter G and Cs{\'a}sz{\'a}r, Attila G 
and K{\'a}llay, Mih{\'a}ly and Gauss, J{\"u}rgen and Valeev, Edward F and 
Flowers, Bradley A and V{\'a}zquez, Juana and Stanton, John F},
  journal={J. Chem. Phys.},
  volume={121},
  number={23},
  pages={11599--11613},
  year={2004},
  publisher={AIP}
}

@article{heckert2006basis,
  title={Basis-set extrapolation techniques for the accurate calculation of 
molecular equilibrium geometries using coupled-cluster theory},
  author={Heckert, Miriam and K{\'a}llay, Mih{\'a}ly and Tew, David P and 
Klopper, Wim and Gauss, J{\"u}rgen},
  journal={J. Chem. Phys.},
  volume={125},
  number={4},
  pages={044108},
  year={2006},
  publisher={AIP}
}

@article{rauhut2009accurate,
  title={Accurate calculation of vibrational frequencies using explicitly 
correlated coupled-cluster theory},
  author={Rauhut, Guntram and Knizia, Gerald and Werner, Hans-Joachim},
  journal={J. Chem. Phys.},
  volume={130},
  number={5},
  pages={054105},
  year={2009},
  publisher={AIP}
}

@article{helgaker1997basis,
  title={Basis-set convergence of correlated calculations on water},
  author={Helgaker, Trygve and Klopper, Wim and Koch, Henrik and Noga, Jozef},
  journal={J. Chem. Phys.},
  volume={106},
  number={23},
  pages={9639--9646},
  year={1997},
  publisher={AIP}
}

@article{tew2007electron,
  title={Electron correlation: The many-body problem at the heart of chemistry},
  author={Tew, David P and Klopper, Wim and Helgaker, Trygve},
  journal={J. Comp. Chem.},
  volume={28},
  number={8},
  pages={1307--1320},
  year={2007},
  publisher={Wiley Online Library}
}

@article{halkier1998basis,
  title={Basis-set convergence in correlated calculations on Ne, N 2, and H 2 
O},
  author={Halkier, Asger and Helgaker, Trygve and J{\o}rgensen, Poul and 
Klopper, Wim and Koch, Henrik and Olsen, Jeppe and Wilson, Angela K},
  journal={Chem. Phys. Lett.},
  volume={286},
  number={3},
  pages={243--252},
  year={1998},
  publisher={Elsevier}
}

@article{schwenke2005extrapolation,
  title={The extrapolation of one-electron basis sets in electronic structure 
calculations: How it should work and how it can be made to work},
  author={Schwenke, David W},
  journal={J. Chem. Phys.},
  volume={122},
  number={1},
  pages={014107},
  year={2005},
  publisher={AIP}
}

@article{larsen2000full,
  title={Full configuration interaction benchmarking of coupled-cluster models 
for the lowest singlet energy surfaces of {N}${}_2$},
  author={Larsen, Helena and Olsen, Jeppe and J{\o}rgensen, Poul and 
Christiansen, Ove},
  journal={J. Chem. Phys.},
  volume={113},
  number={16},
  pages={6677--6686},
  year={2000},
  publisher={AIP}
}

@article{gaussian,
  title={Gaussian 16 Revision A. 03. 2016; Gaussian Inc},
  author={Frisch, MJ and Trucks, GW and Schlegel, HB and Scuseria, GE and Robb, 
MA and Cheeseman, JR and Scalmani, G and Barone, V and Petersson, GA and 
Nakatsuji, H and others},
  journal={Wallingford CT},
  year={2016}
}

@article{srivastava2014dropout,
  title={Dropout: A simple way to prevent neural networks from overfitting},
  author={Srivastava, Nitish and Hinton, Geoffrey and Krizhevsky, Alex and 
Sutskever, Ilya and Salakhutdinov, Ruslan},
  journal={J. Machine Learn. Res.},
  volume={15},
  number={1},
  pages={1929--1958},
  year={2014},
  publisher={JMLR. org}
}

@inproceedings{wan2013regularization,
  title={Regularization of neural networks using dropconnect},
  author={Wan, Li and Zeiler, Matthew and Zhang, Sixin and Le Cun, Yann and 
Fergus, Rob},
  booktitle={Int. Conf. Machine Learn.},
  pages={1058--1066},
  year={2013}
}

@article{hackbusch2014numerical,
  title={Numerical tensor calculus},
  author={Hackbusch, Wolfgang},
  journal={Acta Numerica},
  volume={23},
  pages={651--742},
  year={2014},
  publisher={Cambridge University Press}
}

@article{hino2004singular,
  title={Singular value decomposition applied to the compression of {T}${}^3$ 
amplitude for the coupled cluster method},
  author={Hino, Osamu and Kinoshita, Tomoko and Bartlett, Rodney J},
  journal={J. Chem. Phys.},
  volume={121},
  number={3},
  pages={1206--1213},
  year={2004},
  publisher={AIP}
}

@book{shavitt2009many,
  title={Many-body methods in chemistry and physics: MBPT and coupled-cluster 
theory},
  author={Shavitt, Isaiah and Bartlett, Rodney J},
  year={2009},
  publisher={Cambridge university press}
}

@book{levine2000quantum,
  title={Quantum chemistry},
  author={Levine, Ira N and Busch, Daryle H and Shull, Harrison},
  volume={5},
  year={2000},
  publisher={Prentice Hall Upper Saddle River, NJ}
}

@inproceedings{tikhonov1963solution,
  title={On the solution of ill-posed problems and the method of 
regularization},
  author={Tikhonov, AN},
  booktitle={Dokl. Akad. Nauk SSSR},
  volume={151},
  number={3},
  pages={501--504},
  year={1963}
}

@article{roothaan1951new,
  title={New developments in molecular orbital theory},
  author={Roothaan, Clemens Carel Johannes},
  journal={Rev. Mod. Phys.},
  volume={23},
  number={2},
  pages={69},
  year={1951},
  publisher={APS}
}

@book{wilson2013methods,
  title={Methods in Computational Chemistry: Volume 1 Electron Correlation in 
Atoms and Molecules},
  author={Wilson, Stephen},
  year={2013},
  publisher={Springer Science \& Business Media}
}

@book{helgaker2014molecular,
  title={Molecular electronic-structure theory},
  author={Helgaker, Trygve and Jorgensen, Poul and Olsen, Jeppe},
  year={2014},
  publisher={John Wiley \& Sons}
}

@article{scott1996harmonic,
  title={Harmonic vibrational frequencies: an evaluation of {H}artree--{F}ock, 
{M}{\o}ller--{P}lesset, quadratic configuration interaction, density functional 
theory, and semiempirical scale factors},
  author={Scott, Anthony P and Radom, Leo},
  journal={J. Phys. Chem.},
  volume={100},
  number={41},
  pages={16502--16513},
  year={1996},
  publisher={ACS Publications}
}

@book{jensen2017introduction,
  title={Introduction to computational chemistry},
  author={Jensen, Frank},
  year={2017},
  publisher={John wiley \& sons}
}


@article{voora2013existence,
  title={Existence of a correlation bound s-type anion state of {C}${}_{60}$},
  author={Voora, Vamsee K and Cederbaum, Lorenz S and Jordan, Kenneth D},
  journal={J. Phys. Chem. Lett.},
  volume={4},
  number={6},
  pages={849--853},
  year={2013},
  publisher={ACS Publications}
}

@article{imada1998metal,
  title={Metal-insulator transitions},
  author={Imada, Masatoshi and Fujimori, Atsushi and Tokura, Yoshinori},
  journal={Rev. Mod. Phys.},
  volume={70},
  number={4},
  pages={1039},
  year={1998},
  publisher={APS}
}

@article{kotliar2004strongly,
  title={Strongly correlated materials: Insights from dynamical mean-field 
theory},
  author={Kotliar, Gabriel and Vollhardt, Dieter},
  journal={Phys. Tod.},
  volume={57},
  number={3},
  pages={53--60},
  year={2004},
  publisher={American Institute of Physics}
}

@article{dukelsky2004colloquium,
  title={Colloquium: Exactly solvable {R}ichardson-{G}audin models for 
many-body 
quantum systems},
  author={Dukelsky, J and Pittel, S and Sierra, G},
  journal={Rev. Mod. Phys.},
  volume={76},
  number={3},
  pages={643},
  year={2004},
  publisher={APS}
}

@incollection{sherrill1999configuration,
  title={The configuration interaction method: Advances in highly correlated 
approaches},
  author={Sherrill, C David and Schaefer III, Henry F},
  booktitle={Adv. Quant. Chem.},
  volume={34},
  pages={143--269},
  year={1999},
  publisher={Elsevier}
}

@article{head1994doubles,
  title={A doubles correction to electronic excited states from configuration 
interaction in the space of single substitutions},
  author={Head-Gordon, Martin and Rico, Rudolph J and Oumi, Manabu and Lee, 
Timothy J},
  journal={Chem. Phys. Lett.},
  volume={219},
  number={1-2},
  pages={21--29},
  year={1994},
  publisher={Elsevier}
}

@article{pople1976theoretical,
  title={Theoretical models incorporating electron correlation},
  author={Pople, John A and Binkley, J Stephen and Seeger, Rolf},
  journal={Int. J. Quant. Chem.},
  volume={10},
  number={S10},
  pages={1--19},
  year={1976},
  publisher={Wiley Online Library}
}

@article{izmaylov2008resolution,
  title={Resolution of the identity atomic orbital {L}aplace transformed second 
order {M}{\o}ller--{P}lesset theory for nonconducting periodic systems},
  author={Izmaylov, Artur F and Scuseria, Gustavo E},
  journal={Phys. Chem. Chem. Phys.},
  volume={10},
  number={23},
  pages={3421--3429},
  year={2008},
  publisher={Royal Society of Chemistry}
}

@article{kutzelnigg1985r,
  title={$r_{12}$-{D}ependent terms in the wave function as closed sums of 
partial wave amplitudes for large l},
  author={Kutzelnigg, Werner},
  journal={Theor. Chim. Acta},
  volume={68},
  number={6},
  pages={445--469},
  year={1985},
  publisher={Springer}
}

@book{rychlewski2013explicitly,
  title={Explicitly correlated wave functions in chemistry and physics: theory 
and applications},
  author={Rychlewski, Jacek},
  volume={13},
  year={2013},
  publisher={Springer Science \& Business Media}
}

@article{valeev2000evaluation,
  title={Evaluation of two-electron integrals for explicit $r_{12}$ theories},
  author={Valeev, Edward F and Schaefer III, Henry F},
  journal={J. Chem. Phys.},
  volume={113},
  number={10},
  pages={3990--3995},
  year={2000},
  publisher={AIP}
}

@article{jeziorski1981coupled,
  title={Coupled-cluster method for multideterminantal reference states},
  author={Jeziorski, Bogumil and Monkhorst, Hendrik J},
  journal={Phys. Rev. A},
  volume={24},
  number={4},
  pages={1668},
  year={1981},
  publisher={APS}
}

@incollection{mukherjee1989use,
  title={Use of cluster expansion methods in the open-shell correlation 
problem},
  author={Mukherjee, Debashis and Pal, Sourav},
  booktitle={Adv. Quant. Chem.},
  volume={20},
  pages={291--373},
  year={1989},
  publisher={Elsevier}
}

@article{lyakh2011multireference,
  title={Multireference nature of chemistry: The coupled-cluster view},
  author={Lyakh, Dmitry I and Musia{\l}, Monika and Lotrich, Victor F and 
Bartlett, Rodney J},
  journal={Chem. rev.},
  volume={112},
  number={1},
  pages={182--243},
  year={2011},
  publisher={ACS Publications}
}

@article{qi2011topological,
  title={Topological insulators and superconductors},
  author={Qi, Xiao-Liang and Zhang, Shou-Cheng},
  journal={Rev. Mod. Phys.},
  volume={83},
  number={4},
  pages={1057},
  year={2011},
  publisher={APS}
}

@book{young2004computational,
  title={Computational chemistry: a practical guide for applying techniques to 
real world problems},
  author={Young, David},
  year={2004},
  publisher={John Wiley \& Sons}
}

@article{goedecker1999linear,
  title={Linear scaling electronic structure methods},
  author={Goedecker, Stefan},
  journal={Rev. Mod. Phys.},
  volume={71},
  number={4},
  pages={1085},
  year={1999},
  publisher={APS}
}

@article{bak2000accuracy,
  title={Accuracy of atomization energies and reaction enthalpies in standard 
and extrapolated electronic wave function/basis set calculations},
  author={Bak, Keld L and J{\o}rgensen, Poul and Olsen, Jeppe and Helgaker, 
Trygve and Klopper, Wim},
  journal={J. Chem. Phys.},
  volume={112},
  number={21},
  pages={9229--9242},
  year={2000},
  publisher={AIP}
}

@article{coriani2005accuracy,
  title={The accuracy of ab initio molecular geometries for systems containing 
second-row atoms},
  author={Coriani, Sonia and Marchesan, Domenico and Gauss, J{\"u}rgen and 
H{\"a}ttig, Christof and Helgaker, Trygve and J{\o}rgensen, Poul},
  journal={J. Chem. Phys.},
  volume={123},
  number={18},
  pages={184107},
  year={2005},
  publisher={AIP}
}
